@inproceedings {Karp1972Reducibility,
    AUTHOR = {Karp, Richard M.},
     TITLE = {Reducibility among combinatorial problems},
 BOOKTITLE = {Complexity of computer computations ({P}roc. {S}ympos., {IBM}
              {T}homas {J}. {W}atson {R}es. {C}enter, {Y}orktown {H}eights,
              {N}.{Y}., 1972)},
     PAGES = {85--103},
 PUBLISHER = {Plenum, New York},
      YEAR = {1972},
   MRCLASS = {68A20},
  MRNUMBER = {0378476},
MRREVIEWER = {John T. Gill},
}

@article{Wu2016Efficient,
  author 	= {Huanhuan Wu and James Cheng and Yiping Ke and Silu Huang and Yuzhen Huang and Hejun Wu},
  title     = {Efficient Algorithms for Temporal Path Computation},
  journal   = {{IEEE} Transactions on Knowledge and Data Engineering},
  volume    = {28},
  number    = {11},
  pages     = {2927--2942},
  year      = {2016},
}