@inproceedings {Karp1972Reducibility,
    AUTHOR = {Karp, Richard M.},
     TITLE = {Reducibility among combinatorial problems},
 BOOKTITLE = {Complexity of computer computations ({P}roc. {S}ympos., {IBM}
              {T}homas {J}. {W}atson {R}es. {C}enter, {Y}orktown {H}eights,
              {N}.{Y}., 1972)},
     PAGES = {85--103},
 PUBLISHER = {Plenum, New York},
      YEAR = {1972},
   MRCLASS = {68A20},
  MRNUMBER = {0378476},
MRREVIEWER = {John T. Gill},
}

@article{McMorris98,
title = {On probe interval graphs},
journal = {Discrete Applied Mathematics},
volume = {88},
number = {1},
pages = {315-324},
year = {1998},
note = {Computational Molecular Biology DAM - CMB Series},
author = {F.R. McMorris and Chi Wang and Peisen Zhang},
}

@inproceedings{McConnellS02,
  author       = {Ross M. McConnell and
                  Jeremy P. Spinrad},
  title        = {Construction of probe interval models},
  booktitle    = {Proceedings of the 13th Annual {ACM-SIAM} Symposium on Discrete Algorithms (SODA)},
  pages        = {866--875},
  year         = {2002},
}

@book{GolumbicTrenk04, 
  series={Cambridge Studies in Advanced Mathematics}, 
  title={Tolerance Graphs},
  publisher={Cambridge University Press}, 
  author={Golumbic, Martin Charles and Trenk, Ann N.}, 
  year={2004}, 
  collection={Cambridge Studies in Advanced Mathematics}
}

@article{Wu2016Efficient,
  author 	= {Huanhuan Wu and James Cheng and Yiping Ke and Silu Huang and Yuzhen Huang and Hejun Wu},
  title     = {Efficient Algorithms for Temporal Path Computation},
  journal   = {{IEEE} Transactions on Knowledge and Data Engineering},
  volume    = {28},
  number    = {11},
  pages     = {2927--2942},
  year      = {2016},
}

@article{Lenstra1983Integer,
  title={Integer Programming with a Fixed Number of Variables},
  author={Hendrik W. Lenstra},
  journal={Mathematics of Operations Research},
  year={1983},
  volume={8},
  pages={538-548},
}

@article{fellows2009multipleinterval,
  title={On the parameterized complexity of multiple-interval graph problems},
  author={Fellows, Michael R. and Hermelin, Danny and Rosamond, Frances and Vialette, St{\'e}phane},
  journal={Theoretical Computer Science},
  volume={410},
  number={1},
  pages={53--61},
  year={2009},
  publisher={Elsevier}
}

@article{GolovachM17,
  author    = {Petr A. Golovach and George B. Mertzios},
  title     = {Graph editing to a given degree sequence},
  journal   = {Theoretical Computer Science},
  volume    = {665},
  pages     = {1--12},
  year      = {2017},
}

@inproceedings{Schaefer1978complexity,
  author    = {Thomas J. Schaefer},
  title     = {The Complexity of Satisfiability Problems},
  booktitle = {Proceedings of the 10th Annual {ACM} Symposium on Theory of Computing (STOC)},
  pages     = {216--226},
  year      = {1978},
}

@InProceedings{barNoy2022GraphRealization,
  author =	{Bar-Noy, Amotz and Peleg, David and Perry, Mor and Rawitz, Dror},
  title =	{Graph Realization of Distance Sets},
  booktitle =	{Proceedings of the 47th International Symposium on Mathematical Foundations of Computer Science (MFCS)},
  pages =	{13:1--13:14},
  year =	{2022},
}

@article{barNoy2020efficiently,
  author    = {Amotz Bar{-}Noy and
               Keerti Choudhary and
               David Peleg and
               Dror Rawitz},
  title     = {Efficiently Realizing Interval Sequences},
  journal   = {SIAM Journal on Discrete Mathematics},
  volume    = {34},
  number    = {4},
  pages     = {2318--2337},
  year      = {2020},
}

@article{barNoy2019graphRealizations,
  author    = {Amotz Bar{-}Noy and
               Keerti Choudhary and
               David Peleg and
               Dror Rawitz},
  title     = {Graph Realizations: Maximum and Minimum Degree in Vertex Neighborhoods},
  journal   = {CoRR},
  volume    = {abs/1912.13286},
  year      = {2019},
  url       = {http://arxiv.org/abs/1912.13286},
  eprinttype = {arXiv},
  eprint    = {1912.13286},
  timestamp = {Sat, 04 Jan 2020 19:40:16 +0100},
  biburl    = {https://dblp.org/rec/journals/corr/abs-1912-13286.bib},
  bibsource = {dblp computer science bibliography, https://dblp.org}
}

@inproceedings{Bar-NoyCPR20,
  author    = {Amotz Bar{-}Noy and
               Keerti Choudhary and
               David Peleg and
               Dror Rawitz},
  title     = {Graph Realizations: Maximum Degree in Vertex Neighborhoods},
  booktitle = {Proceedings of the 17th Scandinavian Symposium and Workshops on Algorithm Theory (SWAT)},
  pages     = {10:1--10:17},
  year      = {2020},
}

@inproceedings{barNoy2021relaxAndApproximate,
  author    = {Amotz Bar{-}Noy and
               Toni B{\"{o}}hnlein and
               David Peleg and
               Mor Perry and
               Dror Rawitz},
  editor    = {Paola Flocchini and
               Lucia Moura},
  title     = {Relaxed and Approximate Graph Realizations},
  booktitle = {Combinatorial Algorithms - 32nd International Workshop, {IWOCA} 2021,
               Ottawa, ON, Canada, July 5-7, 2021, Proceedings},
  series    = {Lecture Notes in Computer Science},
  volume    = {12757},
  pages     = {3--19},
  publisher = {Springer},
  year      = {2021},
  url       = {https://doi.org/10.1007/978-3-030-79987-8\_1},
  doi       = {10.1007/978-3-030-79987-8\_1},
  timestamp = {Mon, 12 Jul 2021 09:25:53 +0200},
  biburl    = {https://dblp.org/rec/conf/iwoca/Bar-NoyBPPR21.bib},
  bibsource = {dblp computer science bibliography, https://dblp.org}
}

@inproceedings{barNoy2021composed,
  author    = {Amotz Bar{-}Noy and
               David Peleg and
               Mor Perry and
               Dror Rawitz},
  title     = {Composed Degree-Distance Realizations of Graphs},
  booktitle = {Proceedings of the 32nd International Workshop on Combinatorial Algorithms ({IWOCA})},
  pages     = {63--77},
  year      = {2021},
}

@article{augustine2022distributed,
  author    = {John Augustine and
               Keerti Choudhary and
               Avi Cohen and
               David Peleg and
               Sumathi Sivasubramaniam and
               Suman Sourav},
  title     = {Distributed Graph Realizations},
  journal   = {IEEE Transactions on Parallel and Distributed Systems},
  volume    = {33},
  number    = {6},
  pages     = {1321--1337},
  year      = {2022},
}

@article{barNoy2022vertexWeightedRealizations,
  author    = {Amotz Bar{-}Noy and
               Toni B{\"{o}}hnlein and
               David Peleg and
               Dror Rawitz},
  title     = {On vertex-weighted realizations of acyclic and general graphs},
  journal   = {Theor. Comput. Sci.},
  volume    = {922},
  pages     = {81--95},
  year      = {2022},
  url       = {https://doi.org/10.1016/j.tcs.2022.04.012},
  doi       = {10.1016/j.tcs.2022.04.012},
  timestamp = {Tue, 28 Jun 2022 21:08:16 +0200},
  biburl    = {https://dblp.org/rec/journals/tcs/Bar-NoyBPR22.bib},
  bibsource = {dblp computer science bibliography, https://dblp.org}
}


@inproceedings{barNoy2021selected,
  author    = {Amotz Bar{-}Noy and
               David Peleg and
               Dror Rawitz and
               Elad Yehezkel},
  editor    = {Hee{-}Kap Ahn and
               Kunihiko Sadakane},
  title     = {Selected Neighbor Degree Forest Realization},
  booktitle = {32nd International Symposium on Algorithms and Computation, {ISAAC}
               2021, December 6-8, 2021, Fukuoka, Japan},
  series    = {LIPIcs},
  volume    = {212},
  pages     = {27:1--27:15},
  publisher = {Schloss Dagstuhl - Leibniz-Zentrum f{\"{u}}r Informatik},
  year      = {2021},
  url       = {https://doi.org/10.4230/LIPIcs.ISAAC.2021.27},
  doi       = {10.4230/LIPIcs.ISAAC.2021.27},
  timestamp = {Tue, 30 Nov 2021 17:09:35 +0100},
  biburl    = {https://dblp.org/rec/conf/isaac/Bar-NoyPRY21.bib},
  bibsource = {dblp computer science bibliography, https://dblp.org}
}

@article{barNoy2020vertexWeighted,
  author    = {Amotz Bar{-}Noy and
               David Peleg and
               Dror Rawitz},
  title     = {Vertex-weighted realizations of graphs},
  journal   = {Theor. Comput. Sci.},
  volume    = {807},
  pages     = {56--72},
  year      = {2020},
  url       = {https://doi.org/10.1016/j.tcs.2019.12.020},
  doi       = {10.1016/j.tcs.2019.12.020},
  timestamp = {Fri, 31 Jan 2020 17:10:12 +0100},
  biburl    = {https://dblp.org/rec/journals/tcs/Bar-NoyPR20.bib},
  bibsource = {dblp computer science bibliography, https://dblp.org}
}


%%% From paper 2 in motivations:
%%% "Some very basic, yet challenging, properties that have been considered in past are degree sequences [9, 18, 20] "
%%% --> the following three papers
@article{cai2000solution,
  title={Solution to a problem on degree sequences of graphs},
  author={Cai, Mao-cheng and Deng, Xiaotie and Zang, Wenan},
  journal={Discrete Mathematics},
  volume={219},
  number={1-3},
  pages={253--257},
  year={2000},
  publisher={Elsevier}
}

@article{bixby1988almost,
  title={An almost linear-time algorithm for graph realization},
  author={Bixby, Robert E and Wagner, Donald K},
  journal={Mathematics of Operations Research},
  volume={13},
  number={1},
  pages={99--123},
  year={1988},
}

@article{culberson1989fast,
  title={A fast algorithm for constructing trees from distance matrices},
  author={Culberson, Joseph C. and Rudnicki, Piotr},
  journal={Information Processing Letters},
  volume={30},
  number={4},
  pages={215--220},
  year={1989},
}

@article{chung2001distance,
  title={Distance realization problems with applications to internet tomography},
  author={Chung, Fan and Garrett, Mark and Graham, Ronald and Shallcross, David},
  journal={Journal of Computer and System Sciences},
  volume={63},
  number={3},
  pages={432--448},
  year={2001},
}

@article{rfgh611961hu,
  title={Multi-terminal network flows},
  author={Gomory, Ralph E and Hu, Tien Chung},
  journal={Journal of the Society for Industrial and Applied Mathematics},
  volume={9},
  number={4},
  pages={551--570},
  year={1961},
}

@article{hakimi1962realizability,
  title={On realizability of a set of integers as degrees of the vertices of a linear graph.~{I}},
  author={Hakimi, S. Louis},
  journal={Journal of the Society for Industrial and Applied Mathematics},
  volume={10},
  number={3},
  pages={496--506},
  year={1962},
}

%%% From paper 2 in motivations:
%%% " ... eccentricites [6, 24], ...
%%% --> the following paper + \cite{barNoy2020efficiently}
@article{hell2009linear,
  title={Linear-time certifying algorithms for near-graphical sequences},
  author={Hell, Pavol and Kirkpatrick, David},
  journal={Discrete Mathematics},
  volume={309},
  number={18},
  pages={5703--5713},
  year={2009},
  publisher={Elsevier}
}


%%% From paper 2 in motivations:
%%% " ... connectivity and flow [16, 12, 10, 11]."
%%% --> the following 4 papers 

@article{fulkerson1960zero,
    author = {D.R. Fulkerson},
    title = {Zero-one matrices with zero trace},
    volume = {10},
    journal = {Pacific Journal of Mathematics},
    number = {3},
    publisher = {Pacific Journal of Mathematics, A Non-profit Corporation},
    pages = {831--836},
    year = {1960},
    }

@article{frank1992augmenting,
  title={Augmenting graphs to meet edge-connectivity requirements},
  author={Frank, Andr{\'a}s},
  journal={SIAM Journal on Discrete Mathematics},
  volume={5},
  number={1},
  pages={25--53},
  year={1992},
  publisher={SIAM}
}

@article{chen1966realization,
  title={On the realization of a $(p, s)$-digraph with prescribed degrees},
  author={Chen, Wai-Kai},
  journal={Journal of the Franklin Institute},
  volume={281},
  number={5},
  pages={406--422},
  year={1966},
  publisher={Elsevier}
}

@article{erdos1960graphs,
  title={Graphs with prescribed degrees of vertices},
  author={Erd{\"o}s, Paul and Gallai, Tibor},
  journal={Mat. Lapok},
  volume={11},
  pages={264--274},
  year={1960}
}

%% From paper https://arxiv.org/pdf/1912.13287.pdf
%% Efficiently Realizing Interval Sequences - Amotz Bar-Noy, Keerti Choudhary, David Peleg, Dror Rawitz§
%
%%%Some very basic, yet challenging, properties that have been considered in past are
%
%degree sequences [9, 18], 
%\cite{erdos1960graphs} + \cite{hakimi1962realizability} 

%eccentricites [6, 24], 

@article{behzad1976eccentric,
  title={Eccentric sequences and eccentric sets in graphs},
  author={Behzad, Mehdi and Simpson, James E},
  journal={Discrete Mathematics},
  volume={16},
  number={3},
  pages={187--193},
  year={1976},
  publisher={Elsevier}
}

@article{lesniak1975eccentric,
  title={Eccentric sequences in graphs},
  author={Lesniak, Linda},
  journal={Periodica Mathematica Hungarica},
  volume={6},
  pages={287--293},
  year={1975},
  publisher={Springer}
}

%connectivity and flow [16, 12, 10, 11]

%\cite{frank1992augmenting} and

@article{frank1994connectivity,
  title={Connectivity augmentation problems in network design},
  author={Frank, Andr{\'a}s},
  year={1994},
  journal={Mathematical Programming: State of the Art 1994},
  publisher={Univ. of Michigan, Ann Arbor, MI (United States)}
}

@article{frank1970connectivity,
  title={Connectivity considerations in the design of survivable networks},
  author={Frank, H. and Chou, Wushow},
  journal={IEEE Transactions on Circuit Theory},
  volume={17},
  number={4},
  pages={486--490},
  year={1970},
  publisher={IEEE}
}

@article{gomory1961multi,
  title={Multi-terminal network flows},
  author={Gomory, Ralph E and Hu, Tien Chung},
  journal={Journal of the Society for Industrial and Applied Mathematics},
  volume={9},
  number={4},
  pages={551--570},
  year={1961},
  publisher={SIAM}
}


%%%%%
%%%%% References from paper "Relaxed and Approximate Graph Realizations"
%%%%

@article{alpers2018dynamic,
  title={Dynamic discrete tomography},
  author={Alpers, Andreas and Gritzmann, Peter},
  journal={Inverse Problems},
  volume={34},
  number={3},
  pages={034003},
  year={2018},
  publisher={IOP Publishing}
}

@article{hakimi1965distance,
  title={Distance matrix of a graph and its realizability},
  author={Hakimi, S. Louis and Yau, Stephen S.},
  journal={Quarterly of applied mathematics},
  volume={22},
  number={4},
  pages={305--317},
  year={1965}
}

@article{gritzmann2011uniqueness,
  title={Uniqueness in discrete tomography: three remarks and a corollary},
  author={Gritzmann, Peter and Langfeld, Barbara and Wiegelmann, Markus},
  journal={SIAM Journal on Discrete Mathematics},
  volume={25},
  number={4},
  pages={1589--1599},
  year={2011},
  publisher={SIAM}
}

@article{bar2022generalized,
  title={The generalized microscopic image reconstruction problem},
  author={Bar-Noy, Amotz and B{\"o}hnlein, Toni and Lotker, Zvi and Peleg, David and Rawitz, Dror},
  journal={Discrete Applied Mathematics},
  volume={321},
  pages={402--416},
  year={2022},
  publisher={Elsevier}
}

@article{alpers2018double,
  title={On double-resolution imaging and discrete tomography},
  author={Alpers, Andreas and Gritzmann, Peter},
  journal={SIAM Journal on Discrete Mathematics},
  volume={32},
  number={2},
  pages={1369--1399},
  year={2018},
  publisher={SIAM}
}

@misc{swofford1990phylogeny,
  title={Phylogeny reconstruction. In ‘‘Molecular Systematics’’(DM Hillis and C. Moritz, Eds.)},
  author={Swofford, DL and Olsen, GJ},
  year={1990},
  publisher={Sinauer Associates, Sunderland, MA}
}


%%Network design
@article{grotschel1995design,
  title={Design of survivable networks},
  author={Gr{\"o}tschel, Martin and Monma, Clyde L and Stoer, Mechthild},
  journal={Handbooks in Operations Research and Management Science},
  volume={7},
  pages={617--672},
  year={1995},
  publisher={Elsevier}
}

%%%%%%
%%%%%%

@article{KKK00,
  author    = {David Kempe and
               Jon M. Kleinberg and
               Amit Kumar},
  title     = {Connectivity and Inference Problems for Temporal Networks},
  journal   = {Journal of Computer and System Sciences},
  volume    = {64},
  number    = {4},
  pages     = {820--842},
  year      = {2002},
}

@article{casteigts2021finding,
  title={Finding temporal paths under waiting time constraints},
  author={Casteigts, Arnaud and Himmel, Anne-Sophie and Molter, Hendrik and Zschoche, Philipp},
  journal={Algorithmica},
  volume={83},
  number={9},
  pages={2754--2802},
  year={2021},
  publisher={Springer}
}

@inproceedings{FMNR22a,
  author    = {Eugen F\"uchsle and  Hendrik Molter and Rolf Niedermeier and Malte Renken},
  title     = {Delay-Robust Routes in Temporal Graphs},
  booktitle = {Proceedings of the 39th International Symposium on Theoretical Aspects of Computer Science (STACS)},
  pages = {30:1-30:15},
  year = {2022},
}

@article{EMM22,
  author    = {Jessica A. Enright and
               Kitty Meeks and
               Hendrik Molter},
  title     = {Counting Temporal Paths},
  journal   = {CoRR},
  volume    = {abs/2202.12055},
  year      = {2022},
  url       = {https://arxiv.org/abs/2202.12055}
}

@article{xuan_computing_2003,
  title={Computing shortest, fastest, and foremost journeys in dynamic networks},
  author={Bui-Xuan, Binh-Minh and Ferreira, Afonso and Jarry, Aubin},
  journal={International Journal of Foundations of Computer Science},
  volume={14},
  number={02},
  pages={267--285},
  year={2003},
}

@inproceedings{KlobasMMS22,
  author    = {Nina Klobas and
               George B. Mertzios and
               Hendrik Molter and
               Paul G. Spirakis},
  title     = {The Complexity of Computing Optimum Labelings for Temporal Connectivity},
  booktitle = {Proceedings of the 47th International Symposium on Mathematical Foundations of Computer
               Science (MFCS)},
  pages     = {62:1--62:15},
  year      = {2022},
}

@article{MertziosMS19,
  author    = {George B. Mertzios and
               Othon Michail and
               Paul G. Spirakis},
  title     = {Temporal Network Optimization Subject to Connectivity Constraints},
  journal   = {Algorithmica},
  volume    = {81},
  number    = {4},
  pages     = {1416--1449},
  year      = {2019},
}

@inproceedings{ErlebachS20,
  author    = {Thomas Erlebach and
               Jakob T. Spooner},
  title     = {A Game of Cops and Robbers on Graphs with Periodic Edge-Connectivity},
  booktitle = {Proceedings of the 46th International
               Conference on Current Trends in Theory and Practice of Informatics (SOFSEM)},
  pages     = {64--75},
  year      = {2020}
}

@article{casteigts2012time,
  title={Time-varying graphs and dynamic networks},
  author={Casteigts, Arnaud and Flocchini, Paola and Quattrociocchi, Walter and Santoro, Nicola},
  journal={International Journal of Parallel, Emergent and Distributed Systems},
  volume={27},
  number={5},
  pages={387--408},
  year={2012},
}

@article{akrida2017complexity,
  title={The complexity of optimal design of temporally connected graphs},
  author={Akrida, Eleni C and G{\k{a}}sieniec, Leszek and Mertzios, George B. and Spirakis, Paul G},
  journal={Theory of Computing Systems},
  volume={61},
  pages={907--944},
  year={2017},
  publisher={Springer}
}

@article{FJR13,
  title = {Towards fully multivariate algorithmics: {P}arameter ecology and the deconstruction of computational complexity},
  journal = {European Journal of Combinatorics},
  volume = {34},
  number = {3},
  pages = {541--566},
  year = {2013},
  author = {Michael R. Fellows and Bart M. P. Jansen and Frances A. Rosamond}
}

@InProceedings{GHN04,
  author        = {Jiong Guo and Falk H{\"u}ffner and Rolf Niedermeier},
  title         = {A structural view on parameterizing problems: Distance from triviality},
  booktitle     = {Proceedings of the 1st International Workshop on Parameterized and Exact Computation (IWPEC)},
  pages         = {162--173},
  year          = {2004},
}

@article{enright2021assigning,
  title={Assigning times to minimise reachability in temporal graphs},
  author={Enright, Jessica and Meeks, Kitty and Skerman, Fiona},
  journal={Journal of Computer and System Sciences},
  volume={115},
  pages={169--186},
  year={2021},
  publisher={Elsevier}
}

@article{enright2021deleting,
  title={Deleting edges to restrict the size of an epidemic in temporal networks},
  author={Enright, Jessica and Meeks, Kitty and Mertzios, George B. and Zamaraev, Viktor},
  journal={Journal of Computer and System Sciences},
  volume={119},
  pages={60--77},
  year={2021},
  publisher={Elsevier}
}

@inproceedings{MolterRZ21,
  author    = {Hendrik Molter and
               Malte Renken and
               Philipp Zschoche},
  title     = {Temporal Reachability Minimization: Delaying vs. Deleting},
  booktitle = {Proceedings of the 46th International Symposium on Mathematical Foundations of Computer
               Science (MFCS)},
  pages     = {76:1--76:15},
  year      = {2021},
}

@article{klobas2023interference,
  title={Interference-free walks in time: Temporally disjoint paths},
  author={Klobas, Nina and Mertzios, George B. and Molter, Hendrik and Niedermeier, Rolf and Zschoche, Philipp},
  journal={Autonomous Agents and Multi-Agent Systems},
  volume={37},
  number={1},
  pages={1},
  year={2023},
  publisher={Springer}
}

@article{deligkas2022optimizing,
  title={Optimizing reachability sets in temporal graphs by delaying},
  author={Deligkas, Argyrios and Potapov, Igor},
  journal={Information and Computation},
  volume={285},
  pages={104890},
  year={2022},
  publisher={Elsevier}
}

@article{erlebach2021temporal,
  title={On temporal graph exploration},
  author={Erlebach, Thomas and Hoffmann, Michael and Kammer, Frank},
  journal={Journal of Computer and System Sciences},
  volume={119},
  pages={1--18},
  year={2021},
}

@article{Flu+19a,
  title={Temporal graph classes: A view through temporal separators},
  author={Fluschnik, Till and Molter, Hendrik  and Niedermeier, Rolf and Renken, Malte and Zschoche, Philipp},
  journal={Theoretical Computer Science},
  year={2020},
  volume    = {806},
  pages     = {197--218},
}

@article{Zsc+19,
  title={The Complexity of Finding Separators in Temporal Graphs},
	Author = {Philipp Zschoche and Till Fluschnik and Hendrik Molter and Rolf Niedermeier},
	journal={Journal of Computer and System Sciences},
	year={2020},
	publisher={Elsevier},
	volume    = {107},
	pages     = {72--92},
}

@article{Patrinos-Hakimi-72,
  title={The distance matrix of a graph and its tree realization},
	Author = {A.N. Patrinos and Hakimi, S. Louis},
	journal={Quarterly of Applied Mathematics},
	year={1972},
	volume    = {30},
	pages     = {255--269},
}

@article{Rubei16,
  title={Weighted Graphs with Distances in Given Ranges},
	Author = {Elena Rubei},
	journal={Journal of Classification},
	year={2016},
	volume    = {33},
	pages     = {282–-297},
}

@inproceedings{CasteigtsCS22,
  author    = {Arnaud Casteigts and
               Timoth{\'{e}}e Corsini and
               Writika Sarkar},
  title     = {Invited Paper: Simple, Strict, Proper, Happy: A Study of Reachability in Temporal Graphs},
  booktitle = {Proceedings of the 24th International Symposium on Stabilization, Safety, and Security of Distributed Systems ({SSS})},
  pages     = {3--18},
  year      = {2022},
}

@inproceedings{Tamura93,
  author    = {H. Tamura and M. Sengoku and S. Shinoda and T. Abe},
  title     = {Realization of a network from the upper and lower bounds of the distances (or capacities) between vertices},
  booktitle = {Proceedings of the 1993 IEEE International Symposium on Circuits and Systems (ISCAS)},
  pages     = {2545–-2548},
  year      = {1993},
}


@article{Akrida-explorer-21,
    title = {The temporal explorer who returns to the base},
	Author = {Eleni C. Akrida and George B. Mertzios and Paul G. Spirakis and Christoforos Raptopoulos},
	journal = {Journal of Computer and System Sciences},
	year = {2021},
	volume = {120},
	pages = {179--193},
}

@inproceedings{FuchsleMNR22,
  author    = {Eugen F{\"{u}}chsle and
               Hendrik Molter and
               Rolf Niedermeier and
               Malte Renken},
  title     = {Temporal Connectivity: Coping with Foreseen and Unforeseen Delays},
  booktitle = {Proceedings of the 1st Symposium on Algorithmic Foundations of Dynamic Networks ({SAND})},
  pages     = {17:1--17:17},
  year      = {2022},
}

@inproceedings{Mertzios-transitivity21,
  author    = {George B. Mertzios and Hendrik Molter and Malte Renken and Paul G. Spirakis and Philipp Zschoche},
  title     = {The complexity of transitively orienting temporal graphs},
  booktitle = {Proceedings of the 46th International Symposium on Mathematical Foundations of Computer Science (MFCS)},
  pages     = {75:1--75:18},
  year      = {2021},
}

@article{Kuhn2011Dynamic,
author = {Kuhn, Fabian and Oshman, Rotem},
title = {Dynamic Networks: Models and Algorithms},
year = {2011},
issue_date = {March 2011},
publisher = {Association for Computing Machinery},
address = {New York, NY, USA},
volume = {42},
number = {1},
issn = {0163-5700},
journal = {SIGACT News},
month = {mar},
pages = {82–96},
numpages = {15}
}

@inproceedings{Arrighi2023Multi,
  author    = {Arrighi, Emmanuel and Gr{\"u}ttemeier, Niels and Morawietz, Nils and Sommer, Frank and Wolf, Petra},
  title     = {Multi-Parameter Analysis of Finding Minors and Subgraphs in Edge-Periodic Temporal Graphs},
  booktitle = {Proceedings of the 48th International Conference on Current Trends in Theory and Practice of Computer Science (SOFSEM)},
  year      = {2023},
  pages     = {283--297},
}


@inproceedings{morawietz2021timecop,
  title={A Timecop’s Chase Around the Table},
  author={Morawietz, Nils and Wolf, Petra},
  booktitle={Proceedings of the 46th International Symposium on Mathematical Foundations of Computer Science (MFCS)},
  year={2021},
}

@inproceedings{morawietz2020timecop,
  title={A Timecop's Work Is Harder Than You Think},
  author={Morawietz, Nils and Rehs, Carolin and Weller, Mathias},
  booktitle={Proceedings of the 45th International Symposium on Mathematical Foundations of Computer Science (MFCS)},
  volume={170},
  pages={71--1},
  year={2020},
}








@misc{snapnets,
    author       = {Jure Leskovec and Andrej Krevl},
    title        = {{SNAP Datasets}: {Stanford} Large Network Dataset Collection},
    howpublished = {\url{http://snap.stanford.edu/data}},
    month        = jun,
    year         = 2014
}

@article{sapiezynski2015tracking,
  title={Tracking human mobility using wifi signals},
  author={Sapiezynski, Piotr and Stopczynski, Arkadiusz and Gatej, Radu and Lehmann, Sune},
  journal={PloS one},
  volume={10},
  number={7},
  pages={e0130824},
  year={2015},
  publisher={Public Library of Science San Francisco, CA USA}
}